@book{Apple:keynote:2010,
	author    = {{Apple Inc.}},
	publisher = {{Apple Inc.}},
	title     = {Keynote '09 User Guide},
	year      = {2010}
}

@book{Apple:numbers:2010,
	author    = {{Apple Inc.}},
	publisher = {{Apple Inc.}},
	title     = {Numbers '09 User Guide},
	year      = {2010}
}

@book{Apple:pages:2010,
	author    = {{Apple Inc.}},
	publisher = {{Apple Inc.}},
	title     = {Pages '09 User Guide},
	year      = {2010}
}

@book{Jurgens:1995,
	author    = {Manuela J{\"u}rgens},
	publisher = {FernUniversit{\"a}t Gesamthochschule in Hagen},
	title     = {LaTeX: Fortgeschrittene Anwendungen},
	year      = {1995}
}

@book{Jurgens:2000,
	author    = {Manuela J{\"u}rgens},
	publisher = {FernUniversit{\"a}t Gesamthochschule in Hagen},
	title     = {LaTeX: eine Einf{\"u}hrung und ein bisschen mehr},
	year      = {2000}
}

@book{Kohm:2011,
	author = {Markus Kohm and Jens-Uwe-Morawski},
	title  = {KOMA-Script: Die Anleitung},
	year   = {2011}
}

@manual{Miede:2011,
	author = {Andr{\'e} Miede},
	title  = {A Classic Thesis Style: An Homage to The Elements of Typographic Style},
	year   = {2011}
}

@online{WEB:GNU:GPL:2010,
	author  = {{Free Software Foundation, Inc.}},
	title   = {GNU General Public License},
	url     = {http://www.gnu.org/licenses/gpl.html},
	urldate = {2011-05-27},
	year    = {2010}
}

@online{WEB:Miede:2011,
	author  = {Andr{\'e} Miede},
	title   = {A Classic Thesis Style by Andr{\'e} Miede},
	url     = {http://www.miede.de/index.php?page=classicthesis},
	urldate = {2011-05-27},
	year    = {2011}
}


@book{Garzone2002Interpretinginthe,
	address    = {Amsterdam ; Philadelphia},
	series     = {Benjamins translation library},
	title      = {Interpreting in the 21st century: challenges and opportunities: selected papers from the 1st {Forlì} {Conference} on {Interpreting} {Studies}},
	isbn       = {978-90-272-1649-6 978-1-58811-281-1},
	shorttitle = {Interpreting in the 21st century},
	language   = {en},
	number     = {v. 43},
	publisher  = {J. Benjamins},
	editor     = {Garzone, Giuliana and Viezzi, Maurizio},
	year       = {2002},
	keywords   = {Translating and interpreting, Congresses},
	file       = {出版物上数字用法(GB-T-15835-2011).doc:C\:\\Users\\Tonakai\\Zotero\\storage\\JFDFKR8M\\出版物上数字用法(GB-T-15835-2011).doc:application/msword;Garzone 和 Viezzi - 2002 - Interpreting in the 21st century challenges and o.pdf:C\:\\Users\\Tonakai\\Zotero\\storage\\YP7QG3ZX\\Garzone 和 Viezzi - 2002 - Interpreting in the 21st century challenges and o.pdf:application/pdf}
}

@book{Gentzler2017Translationandrewriting,
	address   = {London ; New York},
	series    = {New {Perspectives} in {Translation} and {Interpreting} {Studies}},
	title     = {Translation and rewriting in the age of post-translation studies},
	isbn      = {978-1-138-66685-6 978-1-138-66686-3},
	language  = {en},
	publisher = {Routledge},
	author    = {Gentzler, Edwin},
	year      = {2017},
	keywords  = {Literary style, Literature, Translating and interpreting, Translations History and criticism},
	file      = {Gentzler - 2017 - Translation and rewriting in the age of post-trans.pdf:C\:\\Users\\Tonakai\\Zotero\\storage\\8RTDCP7P\\Gentzler - 2017 - Translation and rewriting in the age of post-trans.pdf:application/pdf}
}

@book{JinYing2018JiaoTiChuan,
	address   = {北京},
	title     = {交替传译中基于认知映射的信息处理模式},
	isbn      = {978-7-302-46050-3},
	language  = {en},
	publisher = {清华大学出版社},
	author    = {金莹},
	year      = {2018},
	note      = {OCLC: 1124971504},
	file      = {金莹 - 2018 - 交替传译中基于认知映射的信息处理模式.pdf:C\:\\Users\\Tonakai\\Zotero\\storage\\WJ8LJKQC\\金莹 - 2018 - 交替传译中基于认知映射的信息处理模式.pdf:application/pdf}
}

@book{LiYaShu2017KeXueFan,
	address   = {北京},
	title     = {科学翻译学探索},
	isbn      = {978-7-302-46016-9},
	language  = {zh},
	publisher = {清华大学出版社},
	author    = {{李亚舒}},
	year      = {2017},
	file      = {李亚舒 - 2017 - 科学翻译学探索 = Toward science translatology.pdf:C\:\\Users\\Tonakai\\Zotero\\storage\\N2WPMMAH\\李亚舒 - 2017 - 科学翻译学探索 = Toward science translatology.pdf:application/pdf}
}

@book{Malmkjaer2017TheRoutledgeHandbook,
	edition   = {1},
	title     = {The {Routledge} {Handbook} of {Translation} {Studies} and {Linguistics}},
	isbn      = {978-1-315-69284-5},
	url       = {https://www.taylorfrancis.com/books/9781317434528},
	language  = {en},
	urldate   = {2020-03-13},
	publisher = {Routledge},
	editor    = {Malmkjær, Kirsten},
	month     = dec,
	year      = {2017},
	doi       = {10.4324/9781315692845},
	keywords  = {test, test1, test2},
	annote    = {test1jfrdksjfkl;asjk},
	file      = {Malmkjær - 2017 - The Routledge Handbook of Translation Studies and .pdf:C\:\\Users\\Tonakai\\Zotero\\storage\\D6BF5FAR\\Malmkjær - 2017 - The Routledge Handbook of Translation Studies and .pdf:application/pdf}
}

@book{Officer1958Introductiontothe,
title     = {Introduction to the theory of sound transmission: {With} application to the ocean},
publisher = {McGraw-Hill New York},
author    = {Officer, Charles B and Charles, B},
year      = {1958}
}

@book{TanXueLan2019DangDaiYi,
	title    = {当代译学批判},
	isbn     = {978-7-302-51460-2},
	language = {zh},
	author   = {{覃学岚}},
	year     = {2019},
	pages    = {24--29}
}

@book{WangBinHua2019KouYiLi,
	title  = {口译理论研究},
	author = {王斌华},
	year   = {2019},
	file   = {2019 - 口译理论研究 - 王斌华.pdf:C\:\\Users\\Tonakai\\Zotero\\storage\\KFYS5TDU\\2019 - 口译理论研究 - 王斌华.pdf:application/pdf}
}

@book{XuMing2016YiShiChang,
	title    = {以市场为导向的应用型翻译人才培养研究},
	isbn     = {978-7-302-44590-6},
	language = {zh},
	author   = {{许明}},
	year     = {2016},
	note     = {OCLC: 1099516125},
	file     = {许明 - 2016 - 以市场为导向的应用型翻译人才培养研究 = Translation and interpreting .pdf:C\:\\Users\\Tonakai\\Zotero\\storage\\SRZ37TSM\\许明 - 2016 - 以市场为导向的应用型翻译人才培养研究 = Translation and interpreting .pdf:application/pdf}
}

@article{han2019three,
	author = {Han,Zerui and Wu,Ming and Zhu,Qiaoxi and Yang,Jun },
	title = {Three-dimensional wave-domain acoustic contrast control using a circular loudspeaker array},
	journal = {The Journal of the Acoustical Society of America},
	volume = {145},
	number = {6},
	pages = {EL488-EL493},
	year = {2019},
}